@article{curran1996robustness,
  title={The robustness of test statistics to nonnormality and specification error in confirmatory factor analysis.},
  author={Curran, Patrick J and West, Stephen G and Finch, John F},
  journal={Psychological methods},
  volume={1},
  number={1},
  pages={16},
  year={1996}
}

@book{kline2023principles,
  title={Principles and practice of structural equation modeling},
  author={Kline, Rex B},
  year={2023},
  publisher={Guilford publications}
}

@Conference{Schoenbrodt2023Reproducibility,
  author       = "Schoenbrodt, F",
  title        = "Reproducibility in methodological research: Modelling and improving epistemic uncertainty",
  year         = "2023",
  address      = "University of Gent, Belgium",
  organization = "European Association of Methodology",
}

@Conference{Strobl2023owls,
  author       = "Strobl, C",
  title        = "Bringing owls to Athens: Some thoughts on what makes a good simulation study in methodological research",
  year         = "2023",
  address      = "University of Gent, Belgium",
  organization = "European Association of Methodology",
}

@article{whittaker2003irtgen,
  title={IRTGEN: A SAS Macro Program to Generate Known Trait Scores and Item Responses for Commonly Used Item Response Theory Models},
  author={Whittaker, Tiffany A and Fitzpatrick, Steven J and Williams, Natasha J and Dodd, Barbara G},
  journal={Applied Psychological Measurement},
  volume={27},
  number={4},
  pages={299--300},
  year={2003}
}

@Conference{Mackenzi2022survival,
  author       = "Mackenzie, Gilbert and Al-tawarah, Yasin",
  title        = "Adjusted Survival Graphs in SPSS",
  year         = "2002",
  address      = "York",
  organization = "ASSESS: The SPSS User Group",
}


@article{lohmann2022s,
  title={It's time! Ten reasons to start replicating simulation studies},
  author={Lohmann, Anna and Astivia, Oscar LO and Morris, Tim P and Groenwold, Rolf HH},
  journal={Frontiers in Epidemiology},
  volume={2},
  pages={973470},
  year={2022}
}

@incollection{gray2019truth,
  title={Truth, proof, and reproducibility: there’s no counter-attack for the codeless},
  author={Gray, Charles T and Marwick, Ben},
  booktitle={Research School on Statistics and Data Science},
  pages={111--129},
  year={2019},
  publisher={Springer}
}

@book{carsey2013monte,
  title={Monte Carlo simulation and resampling methods for social science},
  author={Carsey, Thomas M and Harden, Jeffrey J},
  year={2013},
  publisher={Sage Publications}
}

@article{hu1999cutoff,
  title={Cutoff criteria for fit indexes in covariance structure analysis: Conventional criteria versus new alternatives},
  author={Hu, Li-tze and Bentler, Peter M},
  journal={Structural equation modeling: a multidisciplinary journal},
  volume={6},
  number={1},
  pages={1--55},
  year={1999}
}

@book{schonbrodt2018corrigendum,
  title={Corrigendum to “At what sample size do correlations stabilize?”[J. Res. Pers. 47 (2013) 609--612](S0092656613000858)(10.1016/j. jrp. 2013.05. 009)},
  author={Schonbrodt, F and Perugini, Marco and others},
  year={2018}
}

@manual{simsem,
    title = {simsem: SIMulated Structural Equation Modeling},
    author = {Sunthud Pornprasertmanit and Patrick Miller and Alexander Schoemann and Terrence D. Jorgensen},
    year = {2021},
    note = {R package version 0.5-16},
    url = {https://CRAN.R-project.org/package=simsem},
  }
  
@Article{lavaan,
    title = {{lavaan}: An {R} Package for Structural Equation Modeling},
    author = {Yves Rosseel},
    journal = {Journal of Statistical Software},
    year = {2012},
    volume = {48},
    number = {2},
    pages = {1--36},
    doi = {10.18637/jss.v048.i02},
  }  
  
@article{rigdon1991performance,
  title={The performance of the polychoric correlation coefficient and selected fitting functions in confirmatory factor analysis with ordinal data},
  author={Rigdon, Edward E and Ferguson Jr, Carl E},
  journal={Journal of marketing research},
  volume={28},
  number={4},
  pages={491--497},
  year={1991}
}  
  
  
@article{satorra1985power,
  title={Power of the likelihood ratio test in covariance structure analysis},
  author={Satorra, Albert and Saris, Willem E},
  journal={Psychometrika},
  volume={50},
  pages={83--90},
  year={1985}
}

@Manual{EpskampSemPlot,
    title = {semPlot: Path Diagrams and Visual Analysis of Various SEM Packages'
Output},
    author = {Sacha Epskamp},
    year = {2022},
    note = {R package version 1.1.6},
    url = {https://CRAN.R-project.org/package=semPlot},
  }